@book{alwin2007,
  title={Margins of error: A study of reliability in survey measurement},
  author={Alwin, Duane F},
  volume={547},
  year={2007},
  publisher={John Wiley \& Sons}
}

@article{scherpenzeel1997,
  title={The validity and reliability of survey questions: A meta-analysis of MTMM studies},
  author={Scherpenzeel, Annette C and Saris, Willem E},
  journal={Sociological Methods \& Research},
  volume={25},
  number={3},
  pages={341--383},
  year={1997},
  publisher={SAGE PERIODICALS PRESS}
}
